<collection xmlns="http://www.loc.gov/MARC21/slim">
   <record>
      <leader>01675cam a2200385 i 45 0</leader>
      <controlfield tag="001">6795545</controlfield>
      <controlfield tag="003">OCoLC</controlfield>
      <controlfield tag="005">20150129120501.0</controlfield>
      <controlfield tag="008">141023s2015    nyu           000 f eng d</controlfield>
      <datafield ind1=" " ind2=" " tag="015">
         <subfield code="a">GBB4E4760</subfield>
         <subfield code="2">bnb</subfield>
      </datafield>
      <datafield ind1="7" ind2=" " tag="016">
         <subfield code="a">016974086</subfield>
         <subfield code="2">Uk</subfield>
      </datafield>
      <datafield ind1=" " ind2=" " tag="020">
         <subfield code="a">9781250060723 (pbk.)</subfield>
      </datafield>
      <datafield ind1=" " ind2=" " tag="020">
         <subfield code="a">1250060729 (pbk.)</subfield>
      </datafield>
      <datafield ind1=" " ind2=" " tag="035">
         <subfield code="a">ocn898154174</subfield>
      </datafield>
      <datafield ind1=" " ind2=" " tag="040">
         <subfield code="a">UKMGB</subfield>
         <subfield code="b">eng</subfield>
         <subfield code="e">rda</subfield>
         <subfield code="c">UKMGB</subfield>
         <subfield code="d">OCLCO</subfield>
         <subfield code="d">SO$</subfield>
         <subfield code="d">YDXCP</subfield>
         <subfield code="d">BTCTA</subfield>
         <subfield code="d">BDX</subfield>
         <subfield code="d">DYJ</subfield>
         <subfield code="d">AEVC</subfield>
      </datafield>
      <datafield ind1="0" ind2="4" tag="082">
         <subfield code="a">813.6</subfield>
         <subfield code="2">23</subfield>
      </datafield>
      <datafield ind1=" " ind2=" " tag="090">
         <subfield code="a">Romance GRA</subfield>
         <subfield code="b">AEVC</subfield>
      </datafield>
      <datafield ind1="1" ind2=" " tag="100">
         <subfield code="a">Grant, Donna,</subfield>
         <subfield code="e">author.</subfield>
         <subfield code="0">http://id.loc.gov/authorities/names/no2012063745</subfield>
         <subfield code="0">http://viaf.org/viaf/9339638</subfield>
      </datafield>
      <datafield ind1="1" ind2="0" tag="245">
         <subfield code="a">Hot blooded /</subfield>
         <subfield code="c">Donna Grant.</subfield>
      </datafield>
      <datafield ind1=" " ind2=" " tag="250">
         <subfield code="a">St. Martin's Paperbacks edition.</subfield>
      </datafield>
      <datafield ind1=" " ind2="1" tag="264">
         <subfield code="a">New York :</subfield>
         <subfield code="b">St. Martin's Paperbacks,</subfield>
         <subfield code="c">2015.</subfield>
      </datafield>
      <datafield ind1=" " ind2="4" tag="264">
         <subfield code="c">©2014.</subfield>
      </datafield>
      <datafield ind1=" " ind2=" " tag="300">
         <subfield code="a">338 pages ;</subfield>
         <subfield code="c">18 cm</subfield>
      </datafield>
      <datafield ind1=" " ind2=" " tag="336">
         <subfield code="a">text</subfield>
         <subfield code="2">rdacontent</subfield>
         <subfield code="0">http://id.loc.gov/vocabulary/contentTypes/txt</subfield>
      </datafield>
      <datafield ind1=" " ind2=" " tag="337">
         <subfield code="a">unmediated</subfield>
         <subfield code="2">rdamedia</subfield>
         <subfield code="0">http://id.loc.gov/vocabulary/mediaTypes/n</subfield>
      </datafield>
      <datafield ind1=" " ind2=" " tag="338">
         <subfield code="a">volume</subfield>
         <subfield code="2">rdacarrier</subfield>
         <subfield code="0">http://id.loc.gov/vocabulary/carriers/nc</subfield>
      </datafield>
      <datafield ind1="1" ind2=" " tag="490">
         <subfield code="a">A dark kings novel ;</subfield>
         <subfield code="v">4</subfield>
      </datafield>
      <datafield ind1=" " ind2=" " tag="596">
         <subfield code="a">3</subfield>
      </datafield>
      <datafield ind1=" " ind2="0" tag="650">
         <subfield code="a">Man-woman relationships</subfield>
         <subfield code="v">Fiction.</subfield>
         <subfield code="0">http://id.loc.gov/authorities/subjects/sh2008107175</subfield>
      </datafield>
      <datafield ind1=" " ind2="0" tag="651">
         <subfield code="a">Highlands (Scotland)</subfield>
         <subfield code="v">Fiction.</subfield>
         <subfield code="0">http://id.loc.gov/authorities/subjects/sh2008105497</subfield>
      </datafield>
      <datafield ind1=" " ind2="0" tag="655">
         <subfield code="a">Paranormal romance stories.</subfield>
         <subfield code="0">http://id.loc.gov/authorities/subjects/sh2010000513</subfield>
      </datafield>
      <datafield ind1=" " ind2=" " tag="758">
         <subfield code="0">http://worldcat.org/entity/work/id/7221614</subfield>
      </datafield>
      <datafield ind1="0" ind2=" " tag="787">
         <subfield code="n">OCLC Work Id</subfield>
         <subfield code="o">http://worldcat.org/entity/work/id/7221614</subfield>
      </datafield>
      <datafield ind1="1" ind2=" " tag="800">
         <subfield code="a">Grant, Donna.</subfield>
         <subfield code="t">Dark kings novel ;</subfield>
         <subfield code="v">bk. 4.</subfield>
      </datafield>
      <datafield ind1=" " ind2=" " tag="926">
         <subfield code="a">Romance GRA</subfield>
         <subfield code="w">ASIS</subfield>
         <subfield code="c">1</subfield>
         <subfield code="i">33862001356397</subfield>
         <subfield code="l">PAPERBACKS</subfield>
         <subfield code="m">NORQ_MAIN</subfield>
         <subfield code="p">$7.49</subfield>
         <subfield code="r">Y</subfield>
         <subfield code="s">Y</subfield>
         <subfield code="t">PAPERBACK</subfield>
         <subfield code="u">3/23/2015</subfield>
      </datafield>
   </record>
</collection>
